@article{rosu-serbanuta-2010-jlap,
  title={An Overview of the {K} Semantic Framework},
  author={Grigore Ro{\c s}u and Traian Florin {\c S}erb{\u a}nu{\c t}{\u a} },
  journal={Journal of Logic and Algebraic Programming},
  volume={79},
  number={6},
  pages={397--434},
  year={2010},
  ee={http://dx.doi.org/10.1016/j.jlap.2010.03.012},
  doi={10.1016/j.jlap.2010.03.012},
}

